<?xml version="1.0" encoding="UTF-8"?><collection xmlns="http://www.loc.gov/MARC21/slim"><record><leader>00454nam--2200169-i-4500</leader><controlfield tag="001">000004960</controlfield><controlfield tag="002">20161230</controlfield><controlfield tag="005">20161230201026</controlfield><controlfield tag="008">060222s1000------------r-----000-0-fre-d</controlfield><datafield ind1=" " ind2=" " tag="040"><subfield code="a">IFIN-HH</subfield></datafield><datafield ind1=" " ind2=" " tag="041"><subfield code="a">fre</subfield></datafield><datafield ind1="1" ind2=" " tag="100"><subfield code="a">Devienne, Marcel</subfield></datafield><datafield ind1="1" ind2="0" tag="245"><subfield code="a">Frottement et echanges thermiques dans les gaz rarefies</subfield><subfield code="c">Marcel Devienne</subfield></datafield><datafield ind1=" " ind2=" " tag="260"><subfield code="a">Paris, Gauthier-villars, 1958</subfield></datafield><datafield ind1=" " ind2=" " tag="300"><subfield code="a">VIII+135P</subfield></datafield><datafield ind1=" " ind2=" " tag="852"><subfield code="a">15325</subfield><subfield code="c">533.6</subfield></datafield><datafield ind1=" " ind2=" " tag="CAT"><subfield code="a">Sys</subfield><subfield code="c">20100906</subfield><subfield code="h">114517</subfield></datafield></record></collection>